@book{murmann2014wahrscheinlichkeitstheorie,
  title={Wahrscheinlichkeitstheorie und stochastische Prozesse},
  author={M{\"u}rmann, Michael},
  year={2014},
  publisher={Springer}
},

@Manual{magrittr,
  title = {magrittr: A Forward-Pipe Operator for R},
  author = {Stefan Milton Bache and Hadley Wickham},
  year = {2014},
  note = {R package version 1.5},
  url = {https://CRAN.R-project.org/package=magrittr},
},

@Manual{dplyr,
  title = {dplyr: A Grammar of Data Manipulation},
  author = {Hadley Wickham and Romain Francois},
  year = {2016},
  note = {R package version 0.5.0},
  url = {https://CRAN.R-project.org/package=dplyr},
},

@Manual{RMain,
  title = {R: A Language and Environment for Statistical Computing},
  author = {{R Core Team}},
  organization = {R Foundation for Statistical Computing},
  address = {Vienna, Austria},
  year = {2017},
  note = {R version 3.4.0},
  url = {https://www.R-project.org/},
},

@Manual{datatable,
  title = {data.table: Extension of `data.frame`},
  author = {Matt Dowle and Arun Srinivasan},
  year = {2017},
  note = {R package version 1.10.4},
  url = {https://CRAN.R-project.org/package=data.table},
},

@Book{nnet,
  title = {Modern Applied Statistics with S},
  author = {W. N. Venables and B. D. Ripley},
  publisher = {Springer},
  edition = {Fourth},
  address = {New York},
  year = {2002},
  note = {ISBN 0-387-95457-0},
  url = {http://www.stats.ox.ac.uk/pub/MASS4},
  note = {R package version 7.3-12},
},

@Article{ranger,
  title = {\textit{ranger: A Fast Implementation of Random Forests for High Dimensional Data in C++ and R}},
  author = {Marvin N. Wright and Andreas Ziegler},
  journal = {Journal of Statistical Software},
  year = {2017},
  volume = {77},
  number = {1},
  pages = {1--17},
  doi = {10.18637/jss.v077.i01},
  note = {R package version 0.8.0},
},

@Manual{xgboost,
  title = {xgboost: Extreme Gradient Boosting},
  author = {Tianqi Chen and Tong He and Michael Benesty and Vadim Khotilovich and Yuan Tang},
  year = {2017},
  note = {R package version 0.6-4},
  url = {https://CRAN.R-project.org/package=xgboost},
  note = {R package version 0.6-4},
},

@Book{tutz2000analyse,
  title={Die Analyse kategorialer Daten},
  author={Tutz, Gerhard},
  publisher={M{\"u}nchen, Wien: Oldenbourg},
  year={2000}
},

@Book{friedman2001elements,
  title={The elements of statistical learning},
  author={Friedman, Jerome and Hastie, Trevor and Tibshirani, Robert},
  volume={1},
  year={2001},
  publisher={Springer series in statistics New York}
},

@article{mlrMBO,
  title = {\textit{mlrMBO: A Modular Framework for Model-Based Optimization of Expensive Black-Box Functions}},
  url = {http://arxiv.org/abs/1703.03373},
  shorttitle = {{{mlrMBO}}},
  archivePrefix = {arXiv},
  eprinttype = {arxiv},
  eprint = {1703.03373},
  primaryClass = {stat},
  author = {Bischl, Bernd and Richter, Jakob and Bossek, Jakob and Horn, Daniel and Thomas, Janek and Lang, Michel},
  date = {2017-03-09},
  note = {R package version 1.1.0},
},

@Manual{shiny,
  title = {shiny: Web Application Framework for R},
  author = {Winston Chang and Joe Cheng and JJ Allaire and Yihui Xie and Jonathan McPherson},
  year = {2017},
  note = {R package version 1.0.3},
  url = {https://CRAN.R-project.org/package=shiny},
},

@Manual{plotly,
  title = {plotly: Create Interactive Web Graphics via 'plotly.js'},
  author = {Carson Sievert and Chris Parmer and Toby Hocking and Scott Chamberlain and Karthik Ram and Marianne Corvellec and Pedro Despouy},
  year = {2017},
  note = {R package version 4.7.0},
  url = {https://CRAN.R-project.org/package=plotly},
  },
  
@Book{ggplot2,
  author = {Hadley Wickham},
  title = {ggplot2: Elegant Graphics for Data Analysis},
  publisher = {Springer-Verlag New York},
  year = {2009},
  isbn = {978-0-387-98140-6},
  url = {http://ggplot2.org},
  note = {R package version 2.2.1},
},

@Book{gam1,
  title = {Generalized Additive Models: An Introduction with R},
  year = {2006},
  author = {S.N Wood},
  publisher = {Chapman and Hall/CRC},
},

@article{wood2001mgcv,
  title={mgcv: GAMs and generalized ridge regression for R},
  author={Wood, Simon N},
  journal={R news},
  volume={1},
  number={2},
  pages={20--25},
  year={2001},
  note = {R package version 1.8-17},
}